<?xml version="1.0" encoding="UTF-8"?>
<collection xmlns="http://www.loc.gov/MARC21/slim">
    <record>
        <leader>00000nz  a2200169   4500</leader>
        <controlfield tag="001">30077460</controlfield>
        <controlfield tag="003">RISM</controlfield>
        <controlfield tag="005">20160216</controlfield>
        <controlfield tag="008">160216n||az|||||||##########||||||||||||</controlfield>
        <datafield tag="040" ind1=" " ind2=" ">
            <subfield code="a">RP-Mnl</subfield>
        </datafield>
        <datafield tag="043" ind1=" " ind2=" ">
            <subfield code="c">PH</subfield>
        </datafield>
        <datafield tag="110" ind1="2" ind2=" ">
            <subfield code="a">National Library of the Philippines</subfield>
            <subfield code="c">Manila</subfield>
            <subfield code="g">RP-Mnl</subfield>
        </datafield>
        <datafield tag="622" ind1=" " ind2=" ">
            <subfield code="u">http://web.nlp.gov.ph/nlp/</subfield>
        </datafield>
    </record>
</collection>

